%%% Introduction %%%

@book{fouss2016algorithms,
  title={Algorithms and Models for Network Data and Link Analysis},
  author={Fouss, F. and Saerens, M. and Shimbo, M.},
  isbn={9781316712511},
  url={https://books.google.se/books?id=SrLBDQAAQBAJ},
  year={2016},
  publisher={Cambridge University Press}
}

@book{wilson1996introduction,
  title={Introduction to Graph Theory},
  author={Wilson, R.J.},
  isbn={9780582249936},
  lccn={gb96022704},
  url={https://books.google.se/books?id=tSolAQAAIAAJ},
  year={1996},
  publisher={Longman}
}

@book{barabasi2016network,
  title={Network Science},
  author={Barab{\'a}si, A.L.},
  isbn={9781107076266},
  lccn={2016439537},
  url={https://books.google.se/books?id=iLtGDQAAQBAJ},
  year={2016},
  publisher={Cambridge University Press}
}

@article{brandes2013, 
    place={Cambridge, UK}, 
    title={What is network science?}, 
    volume={1}, 
    url={https://www.cambridge.org/core/article/div-class-title-what-is-network-science-div/C0794B28C613757F09C3FB315500E3A1}, DOI={10.1017/nws.2013.2}, 
    abstractNote={AbstractThis is the beginning of Network Science. The journal has been created because network science is exploding. As is typical for a field in formation, the discussions about its scope, contents, and foundations are intense. On these first few pages of the first issue of our new journal, we would like to share our own vision of the emerging science of networks.}, 
    number={1}, 
    journal={Network Science}, 
    publisher={Cambridge University Press}, author={Brandes, Ulrik and Robins, Garry and McCranie, Ann and Wasserman, Stanley}, 
    year={2013}, 
    month={Apr}, 
    pages={1â€“15}
}

@misc{hendrix2010,
    author={Hendrix,William T.},
    year={2010},
    title={On Graph Perturbation Theory and Algorithms for Scalable Mining of Noisy and Uncertain Graph Data with Knowledge Priors},
    journal={ProQuest Dissertations and Theses},
    pages={91},
    note={Copyright - Database copyright ProQuest LLC; ProQuest does not claim copyright in the individual underlying works; Last updated - 2016-03-10},
    keywords={Applied sciences; Graph mining; Graph perturbation; Knowledge priors; Noisy data; Computer science; 0984:Computer science},
    isbn={9781124477701},
    language={English},
    url={http://proxy.lib.chalmers.se/login?url=http://search.proquest.com.proxy.lib.chalmers.se/docview/852988765?accountid=10041},
}

@article{schroeder2007,
    author={Schroeder,Jennifer and Xu,Jennifer and Chen,Hsinchun and Chau,Michael},
    year={2007},
    title={Automated criminal link analysis based on domain knowledge},
    journal={Journal of the American Society for Information Science and Technology},
    volume={58},
    number={6},
    pages={842-855},
    keywords={Algorithms; Heuristic; Studies; Knowledge management; Criminal investigations; Criminal justice; Forecasts and trends; Online searching; Management; Technology application; Online databases; Criminal investigation; Database searching},
    isbn={1532-2882},
    language={English},
}

@book{robinson2013,
 author = {Robinson, Ian and Webber, Jim and Eifrem, Emil},
 title = {Graph Databases},
 year = {2013},
 isbn = {1449356265, 9781449356262},
 publisher = {O'Reilly Media, Inc.},
} 

@article{blondel2004,
 author = {Blondel, Vincent D. and Gajardo, Anah\'{\i} and Heymans, Maureen and Senellart, Pierre and Dooren, Paul Van},
 title = {A Measure of Similarity Between Graph Vertices: Applications to Synonym Extraction and Web Searching},
 journal = {SIAM Rev.},
 issue_date = {2004},
 volume = {46},
 number = {4},
 month = apr,
 year = {2004},
 issn = {0036-1445},
 pages = {647--666},
 numpages = {20},
 url = {http://dx.doi.org/10.1137/S0036144502415960},
 doi = {10.1137/S0036144502415960},
 acmid = {1035557},
 publisher = {Society for Industrial and Applied Mathematics},
 address = {Philadelphia, PA, USA},
 keywords = {algorithms, eigenvalues of graphs, graph algorithms, graph theory},
} 


%%% Theory %%%


%%% Method %%%

